@article{DBLP:journals/tc/ChenTA02,
  author    = {Wei Chen and
               Sam Toueg and
               Marcos Kawazoe Aguilera},
  title     = {On the Quality of Service of Failure Detectors},
  journal   = {{IEEE} Trans. Computers},
  volume    = {51},
  number    = {1},
  pages     = {13--32},
  year      = {2002},
  url       = {https://doi.org/10.1109/12.980014},
  doi       = {10.1109/12.980014},
  timestamp = {Sat, 20 May 2017 00:24:30 +0200},
  biburl    = {https://dblp.org/rec/bib/journals/tc/ChenTA02},
  bibsource = {dblp computer science bibliography, https://dblp.org}
}